@string{AdvMath = "Advances in Mathematics"}
@string{CMU = "Carnegie Mellon University"}
@string{JPAA = "Journal of Pure and Applied Algebra"}
@string{LMCS = "Logical Methods in Computer Science"}
@string{LMS = "London Mathematical Society"}
@string{LNCS = "Lecture Notes in Computer Science"}
@string{N-H = "North-Holland"}
@string{PLMS = "Proc. Lond. Math. Soc."}
@string{TCS = "Theoretical Computer Science"}


@book {adamek-rosicky,
    AUTHOR = {Ad{\'a}mek, Ji{\v{r}}{\'{\i}} and Rosick{\'y},
              Ji{\v{r}}{\'{\i}}},
     TITLE = {Locally presentable and accessible categories},
    SERIES = {London Mathematical Society Lecture Note Series},
    VOLUME = {189},
 PUBLISHER = {Cambridge University Press},
   ADDRESS = {Cambridge},
      YEAR = {1994},
     PAGES = {xiv+316},
      ISBN = {0-521-42261-2},
   MRCLASS = {18Axx (18-02)},
  MRNUMBER = {1294136 (95j:18001)},
MRREVIEWER = {J. R. Isbell},
       DOI = {10.1017/CBO9780511600579},
       URL = {http://dx.doi.org/10.1017/CBO9780511600579},
}

@inproceedings{altenkirch-mcbride-swierstra,
 author = {Thorsten Altenkirch and Conor McBride and Wouter Swierstra},
 title = {Observational equality, now!},
 booktitle = {PLPV '07: Proceedings of the 2007 workshop on Programming languages meets program verification},
 year = {2007},
 isbn = {978-1-59593-677-6},
 pages = {57--68},
 location = {Freiburg, Germany},
 doi = {http://doi.acm.org/10.1145/1292597.1292608},
 publisher = {ACM},
 address = {New York, NY, USA},
}


@unpublished {awodey-hofstra-warren,
    author = {Awodey, Steve and Hofstra, Pieter and Warren, Michael A.},
     title = {Martin-{L}\"o{}f complexes},
      year = {2009},
      note = {submitted},
    eprint = {0906.4521},
}


@unpublished {awodey-kapulkin-lumsdaine,
    author = {Awodey, Steve and Kapulkin, Chris and Lumsdaine, Peter LeFanu},
     title = {The classifying weak $\omega$-category of a type theory},
      year = {2009},
      note = {in preparation},
}


@article {awodey-warren,
    author = {Awodey, Steve and Warren, Michael A.},
     TITLE = {Homotopy theoretic models of identity types},
   JOURNAL = {Math. Proc. Cambridge Philos. Soc.},
  FJOURNAL = {Mathematical Proceedings of the Cambridge Philosophical
              Society},
    VOLUME = {146},
      YEAR = {2009},
    NUMBER = {1},
     PAGES = {45--55},
      ISSN = {0305-0041},
     CODEN = {MPCPCO},
MRCLASS = {03B15 (03B35 18Gxx 55Uxx 68T15)},
MRNUMBER = {2461866},
       DOI = {10.1017/S0305004108001783},
     URL = {http://dx.doi.org/10.1017/S0305004108001783},
    eprint = {0709.0248},
}


@article {batanin:natural-environment,
    AUTHOR = {Batanin, M. A.},
     TITLE = {Monoidal globular categories as a natural environment for the
              theory of weak {$n$}-categories},
   JOURNAL = {Adv. Math.},
  FJOURNAL = {Advances in Mathematics},
    VOLUME = {136},
      YEAR = {1998},
    NUMBER = {1},
     PAGES = {39--103},
      ISSN = {0001-8708},
}

@phdthesis{cartmell:thesis,
    author = {Cartmell, John},
    title = {Generalised Algebraic Theories and Contextual Categories},
    school = {Oxford},
    year = {1978},
}
                
@article {cartmell:generalised-algebraic-theories,
    AUTHOR = {Cartmell, John},
     TITLE = {Generalised algebraic theories and contextual categories},
   JOURNAL = {Ann. Pure Appl. Logic},
  FJOURNAL = {Annals of Pure and Applied Logic},
    VOLUME = {32},
      YEAR = {1986},
    NUMBER = {3},
     PAGES = {209--243},
}

@article {cheng:duals-give-inverses,
    AUTHOR = {Cheng, Eugenia},
     TITLE = {An {$\omega$}-category with all duals is an
              {$\omega$}-groupoid},
   JOURNAL = {Appl. Categ. Structures},
  FJOURNAL = {Applied Categorical Structures. A Journal Devoted to
              Applications of Categorical Methods in Algebra, Analysis,
              Order, Topology and Computer Science},
    VOLUME = {15},
      YEAR = {2007},
    NUMBER = {4},
     PAGES = {439--453},
}

@misc {cheng-lauda:guidebook,
   author = {Cheng, Eugenia and Lauda, Aaron},
    title = {Higher dimensional categories: an illustrated guide book},
     year = {2004},
      url = {http://www.cheng.staff.shef.ac.uk/guidebook/index.html},
}


@article {curien:subst-up-to-iso,
    AUTHOR = {Curien, Pierre-Louis},
     TITLE = {Substitution up to isomorphism},
   JOURNAL = {Fund. Inform.},
  FJOURNAL = {Fundamenta Informaticae},
    VOLUME = {19},
      YEAR = {1993},
    NUMBER = {1-2},
     PAGES = {51--85},
      ISSN = {0169-2968},
     CODEN = {FUINE},
   MRCLASS = {03G30 (68Q55)},
  MRNUMBER = {1270347 (95e:03184)},
MRREVIEWER = {J. Robin R. Cockett},
}


@incollection {dybjer:internal-type-theory,
    AUTHOR = {Dybjer, Peter},
     TITLE = {Internal type theory},
 BOOKTITLE = {Types for proofs and programs ({T}orino, 1995)},
    SERIES = {Lecture Notes in Comput. Sci.},
    VOLUME = {1158},
     PAGES = {120--134},
 PUBLISHER = {Springer},
   ADDRESS = {Berlin},
      YEAR = {1996},
   MRCLASS = {03G30 (03B15 03B35 03F55 18B99)},
  MRNUMBER = {1474535 (98e:03040)},
}


@article {gambino-garner,
    AUTHOR = {Gambino, Nicola and Garner, Richard},
     TITLE = {The identity type weak factorisation system},
   JOURNAL = {Theoret. Comput. Sci.},
  FJOURNAL = {Theoretical Computer Science},
    VOLUME = {409},
      YEAR = {2008},
    NUMBER = {1},
     PAGES = {94--109},
      ISSN = {0304-3975},
     CODEN = {TCSDI},
   MRCLASS = {03B15 (68N18)},
  MRNUMBER = {2469279},
       DOI = {10.1016/j.tcs.2008.08.030},
     URL = {http://dx.doi.org/10.1016/j.tcs.2008.08.030},
    eprint = {0803.4349},
}

@article {garner:understanding,
    AUTHOR = {Garner, Richard},
     TITLE = {Understanding the small object argument},
   JOURNAL = {Appl. Categ. Structures},
  FJOURNAL = {Applied Categorical Structures. A Journal Devoted to
              Applications of Categorical Methods in Algebra, Analysis,
              Order, Topology and Computer Science},
    VOLUME = {17},
      YEAR = {2009},
    NUMBER = {3},
     PAGES = {247--285},
      ISSN = {0927-2852},
     CODEN = {ACASE6},
   MRCLASS = {18C10 (18C15 18C20 18G55 55U35)},
  MRNUMBER = {2506256 (2010a:18005)},
MRREVIEWER = {Julia Bergner},
       DOI = {10.1007/s10485-008-9137-4},
       URL = {http://dx.doi.org/10.1007/s10485-008-9137-4},
}

@article {garner:homotopy-theoretic-universal-property,
    AUTHOR = {Garner, Richard},
     TITLE = {A homotopy-theoretic universal property of {L}einster's operad
              for weak {$\omega$}-categories},
   JOURNAL = {Math. Proc. Cambridge Philos. Soc.},
  FJOURNAL = {Mathematical Proceedings of the Cambridge Philosophical
              Society},
    VOLUME = {147},
      YEAR = {2009},
    NUMBER = {3},
     PAGES = {615--628},
      ISSN = {0305-0041},
     CODEN = {MPCPCO},
   MRCLASS = {18G55 (18D50 55U35)},
  MRNUMBER = {2557146 (2010j:18030)},
MRREVIEWER = {Philippe Gaucher},
       DOI = {10.1017/S030500410900259X},
       URL = {http://dx.doi.org/10.1017/S030500410900259X},
}

@article {garner:on-the-strength,
    AUTHOR = {Garner, Richard},
     TITLE = {On the strength of dependent products in the type theory of
              {M}artin-{L}\"of},
   JOURNAL = {Ann. Pure Appl. Logic},
  FJOURNAL = {Annals of Pure and Applied Logic},
    VOLUME = {160},
      YEAR = {2009},
    NUMBER = {1},
     PAGES = {1--12},
      ISSN = {0168-0072},
     CODEN = {APALD7},
   MRCLASS = {03B15},
  MRNUMBER = {2525970 (2010m:03016)},
       DOI = {10.1016/j.apal.2008.12.003},
       URL = {http://dx.doi.org/10.1016/j.apal.2008.12.003},
}

@article {garner:2-d-models,
    AUTHOR = {Garner, Richard},
     TITLE = {Two-dimensional models of type theory},
   JOURNAL = {Math. Structures Comput. Sci.},
  FJOURNAL = {Mathematical Structures in Computer Science. A Journal in the
              Applications of Categorical, Algebraic and Geometric Methods
              in Computer Science},
    VOLUME = {19},
      YEAR = {2009},
    NUMBER = {4},
     PAGES = {687--736},
      ISSN = {0960-1295},
   MRCLASS = {03B15},
  MRNUMBER = {2525957},
       DOI = {10.1017/S0960129509007646},
     URL = {http://dx.doi.org/10.1017/S0960129509007646},
    eprint = {0808.2122},
}

@unpublished {garner:homomorphisms,
    author = {Garner, Richard},
     title = {Homomorphisms of higher categories},
      year = {2008},
      note = {submitted},
    eprint = {0810.4450},
}

retaining under nonstandard name for backward-compatibility:
@unpublished {benno-richard,
  author = {Garner, Richard and van den Berg, Benno},
   title = {Types are weak {$\omega$}-groupoids},
    year = {2008},
    note = {submitted},
  eprint = {0812.0298},
}

@article {garner-van-den-berg,
  author = {Garner, Richard and van den Berg, Benno},
   title = {Types are weak {$\omega$}-groupoids},
  journal = PLMS,
    year = {2010},
    note = {Advance Access published},
  eprint = {0812.0298},
     doi = {10.1112/plms/pdq026},
     url = {http://plms.oxfordjournals.org/content/early/2010/10/12/plms.pdq026.abstract},
}

@article {garner-van-den-berg:top-and-simp-models,
  author = {Garner, Richard and van den Berg, Benno},
   title = {Topological and simplicial models of identity types},
 journal = {ACM Trans. Comput. Log.},
fjournal = {ACM Transactions on Computational Logic},
    year = {2010},
    note = {to appear},
  eprint = {1007.4638v1},
}


@incollection {hofmann:lcccs,
    AUTHOR = {Hofmann, Martin},
     TITLE = {On the interpretation of type theory in locally {C}artesian
              closed categories},
 BOOKTITLE = {Computer science logic ({K}azimierz, 1994)},
    SERIES = {Lecture Notes in Comput. Sci.},
    VOLUME = {933},
     PAGES = {427--441},
 PUBLISHER = {Springer},
   ADDRESS = {Berlin},
      YEAR = {1995},
   MRCLASS = {03B15 (03G30 68Q55)},
  MRNUMBER = {1471244},
       DOI = {10.1007/BFb0022273},
       URL = {http://dx.doi.org/10.1007/BFb0022273},
}

@incollection {hofmann:syntax-and-semantics,
    AUTHOR = {Hofmann, Martin},
     TITLE = {Syntax and semantics of dependent types},
 BOOKTITLE = {Semantics and logics of computation ({C}ambridge, 1995)},
    SERIES = {Publ. Newton Inst.},
    VOLUME = {14},
     PAGES = {79--130},
 PUBLISHER = {Cambridge Univ. Press},
   ADDRESS = {Cambridge},
      YEAR = {1997},
   MRCLASS = {03B70 (68N15 68Q55)},
  MRNUMBER = {1629519},
       DOI = {10.1017/CBO9780511526619.004},
       URL = {http://dx.doi.org/10.1017/CBO9780511526619.004},
}

@incollection {hofmann-streicher,
    AUTHOR = {Hofmann, Martin and Streicher, Thomas},
     TITLE = {The groupoid interpretation of type theory},
 BOOKTITLE = {Twenty-five years of constructive type theory ({V}enice,
              1995)},
    SERIES = {Oxford Logic Guides},
    VOLUME = {36},
     PAGES = {83--111},
 PUBLISHER = {Oxford Univ. Press},
   ADDRESS = {New York},
      YEAR = {1998},
}


@unpublished {hofstra-warren,
  author = {Warren, Michael A. and Hofstra, Pieter},
  title = {Combinatorial realizability models of type theory},
  year = {2010},
  note = {in preparation},
}



@book {hovey:book,
    AUTHOR = {Hovey, Mark},
     TITLE = {Model categories},
    SERIES = {Mathematical Surveys and Monographs},
    VOLUME = {63},
 PUBLISHER = {American Mathematical Society},
   ADDRESS = {Providence, RI},
      YEAR = {1999},
     PAGES = {xii+209},
      ISBN = {0-8218-1359-5},
   MRCLASS = {55U35 (18D15 18G30 18G55)},
  MRNUMBER = {1650134 (99h:55031)},
MRREVIEWER = {Teimuraz Pirashvili},
}

@article {jacobs:comprehension-categories,
    AUTHOR = {Jacobs, Bart},
     TITLE = {Comprehension categories and the semantics of type dependency},
   JOURNAL = {Theoret. Comput. Sci.},
  FJOURNAL = {Theoretical Computer Science},
    VOLUME = {107},
      YEAR = {1993},
    NUMBER = {2},
     PAGES = {169--207},
      ISSN = {0304-3975},
     CODEN = {TCSDI},
   MRCLASS = {18D30 (03G30 68Q55)},
  MRNUMBER = {1201808 (94i:18009)},
MRREVIEWER = {Ji{\v{r}}{\'{\i}} Ad{\'a}mek},
       DOI = {10.1016/0304-3975(93)90169-T},
       URL = {http://dx.doi.org/10.1016/0304-3975(93)90169-T},
}

@book {jacobs:categorical-logic,
    AUTHOR = {Jacobs, Bart},
     TITLE = {Categorical logic and type theory},
    SERIES = {Studies in Logic and the Foundations of Mathematics},
    VOLUME = {141},
 PUBLISHER = {North-Holland Publishing Co.},
   ADDRESS = {Amsterdam},
      YEAR = {1999},
     PAGES = {xviii+760},
      ISBN = {0-444-50170-3},
}

@book {johnstone:elephant-i,
    AUTHOR = {Johnstone, Peter T.},
     TITLE = {Sketches of an elephant: a topos theory compendium. {V}ol. 2},
    SERIES = {Oxford Logic Guides},
    VOLUME = {44},
 PUBLISHER = {The Clarendon Press Oxford University Press},
   ADDRESS = {Oxford},
      YEAR = {2002},
     PAGES = {i--xxii, 469--1089 and I1--I71},
      ISBN = {0-19-851598-7},
   MRCLASS = {18B25 (03B15 03G30 18-02 54A05)},
  MRNUMBER = {2063092 (2005g:18007)},
MRREVIEWER = {Colin McLarty},
}
		
@book {johnstone:elephant-ii,
    AUTHOR = {Johnstone, Peter T.},
     TITLE = {Sketches of an elephant: a topos theory compendium. {V}ol. 1},
    SERIES = {Oxford Logic Guides},
    VOLUME = {43},
 PUBLISHER = {The Clarendon Press Oxford University Press},
   ADDRESS = {New York},
      YEAR = {2002},
     PAGES = {xxii+468+71},
      ISBN = {0-19-853425-6},
   MRCLASS = {18B25 (18-02)},
  MRNUMBER = {1953060 (2003k:18005)},
MRREVIEWER = {Colin McLarty},
}

@book {leinster:book,
    AUTHOR = {Leinster, Tom},
     TITLE = {Higher operads, higher categories},
    SERIES = {London Mathematical Society Lecture Note Series},
    VOLUME = {298},
 PUBLISHER = {Cambridge University Press},
   ADDRESS = {Cambridge},
      YEAR = {2004},
     PAGES = {xiv+433},
    EPRINT = {math/0305049},
      ISBN = {0-521-53215-9},
}


@article {leinster:survey,
    AUTHOR = {Leinster, Tom},
     TITLE = {A survey of definitions of {$n$}-category},
   JOURNAL = {Theory Appl. Categ.},
  FJOURNAL = {Theory and Applications of Categories},
    VOLUME = {10},
      YEAR = {2002},
     PAGES = {1--70 (electronic)},
    EPRINT = {math/0107188},
      ISSN = {1201-561X},
}

@inproceedings{lumsdaine:tlca-proceedings,
    AUTHOR = {Lumsdaine, Peter LeFanu},
     TITLE = {Weak $\omega$-categories from intensional type theory (conference version)},
 BOOKTITLE = {Typed lambda calculi and applications},
    SERIES = LNCS,
    VOLUME = {5608},
     PAGES = {172--187},
 PUBLISHER = {Springer},
   ADDRESS = {Berlin},
      YEAR = {2009},
}

@article{lumsdaine:weak-w-cats-from-itt-lmcs,
    author = {Lumsdaine, Peter LeFanu},
     title = {Weak $\omega$-categories from intensional type theory},
   journal = LMCS,
    volume = {6},
    number = {3:24},
      year = {2010},
     pages = {1--19 (electronic)},
       url = {www.lmcs-online.org/ojs/viewarticle.php?id=628},
       doi = {10.2168/LMCS-6(3:24)2010},
    eprint = {0812.0409v4},
}


@unpublished {lumsdaine-warren:maperads,
    author = {Lumsdaine, Peter LeFanu and Warren, Michael A.},
     title = {Weak Maps of Operadic Higher Categories: a Unified Approach},
      year = {2009},
      note = {in preparation},
}


@phdthesis{lumsdaine:thesis,
  author =		{Lumsdaine, Peter LeFanu},
  title =		{Higher categories and intensional type theory},
  school =		CMU,
  year =		{2010},
  note = {in preparation},
}


@book {mac-lane:cwm,
    AUTHOR = {Mac Lane, Saunders},
     TITLE = {Categories for the working mathematician},
    SERIES = {Graduate Texts in Mathematics},
    VOLUME = {5},
   EDITION = {Second},
 PUBLISHER = {Springer-Verlag},
   ADDRESS = {New York},
      YEAR = {1998},
     PAGES = {xii+314},
      ISBN = {0-387-98403-8},
   MRCLASS = {18-02},
  MRNUMBER = {1712872 (2001j:18001)},
}

@book {mac-lane-moerdijk,
    AUTHOR = {Mac Lane, Saunders and Moerdijk, Ieke},
     TITLE = {Sheaves in geometry and logic},
    SERIES = {Universitext},
      NOTE = {A first introduction to topos theory,
              Corrected reprint of the 1992 edition},
 PUBLISHER = {Springer-Verlag},
   ADDRESS = {New York},
      YEAR = {1994},
     PAGES = {xii+629},
      ISBN = {0-387-97710-4},
   MRCLASS = {03G30 (18B25 54B40)},
  MRNUMBER = {1300636 (96c:03119)},
MRREVIEWER = {M. Makkai},
}

@incollection {martin-loef:predicative-part,
    AUTHOR = {Martin-L{\"o}f, Per},
     TITLE = {An intuitionistic theory of types: predicative part},
 BOOKTITLE = {Logic {C}olloquium '73 ({B}ristol, 1973)},
     PAGES = {73--118. Studies in Logic and the Foundations of Mathematics,
              Vol. 80},
 PUBLISHER = {North-Holland},
   ADDRESS = {Amsterdam},
      YEAR = {1975},
   MRCLASS = {02C15 (02D99)},
  MRNUMBER = {0387009 (52 \#7856)},
MRREVIEWER = {Horst Luckhardt},
}


@article {mellies:axiomatic-rewriting-ii,
    AUTHOR = {Melli{\`e}s, Paul-Andr{\'e}},
     TITLE = {Axiomatic rewriting theory. {II}. {T}he
              {$\lambda\sigma$}-calculus enjoys finite normalisation cones},
      NOTE = {Type theory and term rewriting (Glasgow, 1996)},
   JOURNAL = {J. Logic Comput.},
  FJOURNAL = {Journal of Logic and Computation},
    VOLUME = {10},
      YEAR = {2000},
    NUMBER = {3},
     PAGES = {461--487},
      ISSN = {0955-792X},
   MRCLASS = {68Q42 (03B40)},
  MRNUMBER = {1772106 (2002a:68061)},
       DOI = {10.1093/logcom/10.3.461},
       URL = {http://dx.doi.org/10.1093/logcom/10.3.461},
}

@article {moggi:program-modules,
    AUTHOR = {Moggi, Eugenio},
     TITLE = {A category-theoretic account of program modules},
   JOURNAL = {Math. Structures Comput. Sci.},
  FJOURNAL = {Mathematical Structures in Computer Science. A Journal in the
              Applications of Categorical, Algebraic and Geometric Methods
              in Computer Science},
    VOLUME = {1},
      YEAR = {1991},
    NUMBER = {1},
     PAGES = {103--139},
      ISSN = {0960-1295},
   MRCLASS = {68Q55 (18B20)},
  MRNUMBER = {1108806 (92h:68057)},
MRREVIEWER = {Ana Pasztor},
}

@book {n-p-s:programming,
    AUTHOR = {Nordstr{\"o}m, Bengt and Petersson, Kent and Smith, Jan M.},
     TITLE = {Programming in {M}artin-{L}\"of's type theory},
    SERIES = {International Series of Monographs on Computer Science},
    VOLUME = {7},
      NOTE = {An introduction},
 PUBLISHER = {The Clarendon Press Oxford University Press},
   ADDRESS = {New York},
      YEAR = {1990},
     PAGES = {x+221},
      ISBN = {0-19-853814-6},
   MRCLASS = {68N05 (03B15 03B70 68Q55 68Q60)},
  MRNUMBER = {1243882 (94g:68020)},
}

@incollection {pitts:categorial-logic,
    AUTHOR = {Pitts, Andrew M.},
     TITLE = {Categorical logic},
 BOOKTITLE = {Handbook of logic in computer science, {V}ol. 5},
    SERIES = {Handb. Log. Comput. Sci.},
    VOLUME = {5},
     PAGES = {39--128},
 PUBLISHER = {Oxford Univ. Press},
   ADDRESS = {New York},
      YEAR = {2000},
   MRCLASS = {03G30 (18C10 68Q55 68Q65)},
  MRNUMBER = {1859470 (2002j:03078)},
MRREVIEWER = {Anna Labella},
}

@article {street:algebra-of-oriented-simplexes,
    AUTHOR = {Street, Ross},
     TITLE = {The algebra of oriented simplexes},
   JOURNAL = {J. Pure Appl. Algebra},
  FJOURNAL = {Journal of Pure and Applied Algebra},
    VOLUME = {49},
      YEAR = {1987},
    NUMBER = {3},
     PAGES = {283--335},
      ISSN = {0022-4049},
     CODEN = {JPAAA2},
   MRCLASS = {18G50 (18D05 18G55)},
  MRNUMBER = {920944 (89a:18019)},
MRREVIEWER = {Timothy Porter},
       DOI = {10.1016/0022-4049(87)90137-X},
       URL = {http://dx.doi.org/10.1016/0022-4049(87)90137-X},
}

@article{street:petit-topos,
  author =		{Ross Street},
  title = 		{The petit topos of globular sets},
  journal =		JPAA,
  volume =		{154},
  year =		2000,
  pages =		{299--315},
}

@book {streicher:semantics-book,
    AUTHOR = {Streicher, Thomas},
     TITLE = {Semantics of type theory},
    SERIES = {Progress in Theoretical Computer Science},
      NOTE = {Correctness, completeness and independence results,
              With a foreword by Martin Wirsing},
 PUBLISHER = {Birkh\"a{}user Boston Inc.},
   ADDRESS = {Boston, MA},
      YEAR = {1991},
     PAGES = {xii+298},
      ISBN = {0-8176-3594-7},
   MRCLASS = {68Q55 (03B40 03B70 03F50 06B35 68Q65)},
  MRNUMBER = {1134134 (93d:68042)},
MRREVIEWER = {John C. Mitchell},
}


@Misc{streicher:hab,
  OPTkey = 	 {},
  author =	 {Thomas Streicher},
  title =	 {Investigations {I}nto {I}ntensional {T}ype {T}heory},
  howpublished = {Habilitationsschrift, Ludwig-Maximilians-Universit\"{a}t M\"{u}nchen},
  month =	 {November},
  year =	 {1993},
  OPTnote = 	 {},
  OPTannote = 	 {},
}


retained under odd name for backward-compatibility:
@unpublished {benno:talk,
  author = {van den Berg, Benno},
  title = {Types as weak {$\omega$}-categories},
  note = {Lecture delivered in Uppsala, 2006, and unpublished notes},
}


@unpublished {van-den-berg:talk,
  author = {van den Berg, Benno},
  title = {Types as weak {$\omega$}-categories},
  note = {Lecture delivered in Uppsala, 2006, and unpublished notes},
}


@phdthesis{warren:thesis,
  author =		{Warren, Michael A.},
  title =		{Homotopy Theoretic Aspects of Constructive Type Theory},
  school =		CMU,
  year =		{2008},
}

@phdthesis{weber:thesis,
  author =		{Weber, Mark},
  title =		{Symmetric Operads for Globular Sets},
  school =		{Macquarie University},
  year =		{2001},
}

@article {weber:operads-within,
    AUTHOR = {Weber, Mark},
     TITLE = {Operads within monoidal pseudo algebras},
   JOURNAL = {Appl. Categ. Structures},
  FJOURNAL = {Applied Categorical Structures. A Journal Devoted to
              Applications of Categorical Methods in Algebra, Analysis,
              Order, Topology and Computer Science},
    VOLUME = {13},
      YEAR = {2005},
    NUMBER = {5-6},
     PAGES = {389--420},
      ISSN = {0927-2852},
       DOI = {10.1007/s10485-005-9000-9},
     URL = {http://dx.doi.org/10.1007/s10485-005-9000-9},
    eprint = {math/0410230},
}

